<?xml version="1.0" encoding="UTF-8"?><collection xmlns="http://www.loc.gov/MARC21/slim"><record><leader>00484nam--2200157-i-4500</leader><controlfield tag="001">000025191</controlfield><controlfield tag="002">20161230</controlfield><controlfield tag="005">20170208152730</controlfield><controlfield tag="008">060222s1000------------r-----000-0-eng-d</controlfield><datafield ind1=" " ind2=" " tag="100"><subfield code="a">Coulon, H</subfield></datafield><datafield ind1=" " ind2=" " tag="245"><subfield code="a">Acquisition des parametres physico-chimiques in situ d une argile profonde. Development et d experimentation</subfield></datafield><datafield ind1=" " ind2=" " tag="260"><subfield code="a">Bruxelles</subfield><subfield code="b">Commission Des Communautes Europeennes</subfield><subfield code="c">1991</subfield></datafield><datafield ind1=" " ind2=" " tag="300"><subfield code="a">84 p</subfield></datafield><datafield ind1=" " ind2=" " tag="700"><subfield code="a">Lajudie, A</subfield></datafield><datafield ind1=" " ind2=" " tag="852"><subfield code="a">621.039.9</subfield></datafield><datafield ind1=" " ind2=" " tag="CAT"><subfield code="a">SYS</subfield><subfield code="c">20170208</subfield><subfield code="h">152730</subfield></datafield></record></collection>